% This file was created with Citavi 5.5.0.1

@misc{apache.2017,
 author = {Apache},
 year = {2017},
 title = {Apache Storm},
 url = {http://storm.apache.org/},
 urldate = {26.12.2017}
}


@misc{apachedebugging.2106,
 author = {community.hortonworks},
 year = {2016},
 title = {Debugging an Apache Storm topology - Hortonworks},
 url = {https://community.hortonworks.com/articles/36151/debugging-an-apache-storm-topology.html},
 urldate = {28.12.2017}
}


@misc{apachescale.2017,
 author = {Apache},
 year = {2017},
 title = {Project Information},
 url = {http://storm.apache.org/about/scalable.html},
 urldate = {28.12.2017}
}


@misc{Azure.2017,
 author = {Microsoft},
 year = {2017},
 url = {https://azure.microsoft.com/},
 urldate = {26.11.2017}
}


@article{Berle.2017,
 abstract = {Das wichtigste Architektur-Konzept f{\"u}r Big Data am konkreten Beispiel},
 author = {{Lukas Berle, OPITZ CONSULTING Deutschland GmbH}},
 year = {2017},
 title = {Lambda-Architektur in der Praxis},
 keywords = {Big Data;Big Data, Hadoop;Hadoop},
 urldate = {26.12.2017}
}


@article{Bruening.2016,
 author = {Bruening, Arne},
 year = {2016},
 title = {Event-Processing und Stream-Analyse},
 urldate = {08.01.2018}
}


@misc{esper.2016,
 abstract = {Esper is software for complex event processing (CEP) and streaming analytics, available for .NET as NEsper.Esper and NEsper enable rapid development of applications that process large volumes of incoming messages or events, regardless of whether incoming messages are historical or real-time in nature. Esper and NEsper filter and analyze events in various ways, and},
 author = {espertech},
 year = {2016},
 title = {Esper},
 url = {http://www.espertech.com/esper/},
 urldate = {28.12.2017}
}


@book{Familiar.2017,
 author = {Familiar, Bob and Barnes, Jeff},
 year = {2017},
 title = {Business in Real-Time Using Azure IoT and Cortana Intelligence Suite},
 address = {Berkeley, CA},
 urldate = {26.12.2017},
 publisher = {Apress},
 doi = {10.1007/978-1-4842-2650-6}
}


@misc{Floarea.2014,
 abstract = {{\flqq}In the Internet of Things [$\ldots$] the real value will remain in the services behind the scenes processing terabytes of data to help people ...},
 author = {{Dr Floarea Serban} and {Dr. Yves Brise}},
 year = {2014},
 title = {Complex Event Processing: Eine strategische Big Data Entscheidung},
 url = {https://ipt.ch/complex-event-processing-eine-strategische-big-data-entscheidung/},
 urldate = {28.12.2017}
}


@misc{GesellschaftfurInformatik.2009,
 author = {{Gesellschaft f{\"u}r Informatik}},
 year = {2009},
 title = {Complex Event Processing (CEP)},
 url = {https://gi.de/informatiklexikon/complex-event-processing-cep/}
}


@misc{jeffstokes72.19.12.2017,
 author = {Microsoft},
 year = {2017},
 title = {Stream Analytics REST API},
 url = {https://docs.microsoft.com/de-de/rest/api/streamanalytics/?redirectedfrom=MSDN},
 urldate = {29.12.2017}
}


@book{Klein.2017,
 author = {Klein, Scott},
 year = {2017},
 title = {IoT Solutions in Microsoft's Azure IoT Suite},
 address = {Berkeley, CA},
 urldate = {26.12.2017},
 publisher = {Apress},
 doi = {10.1007/978-1-4842-2143-3}
}


@misc{lizenz.2004,
 abstract = {Home page of The Apache Software Foundation},
 author = {Apache},
 year = {2004},
 title = {Apache License, Version 2.0},
 url = {http://www.apache.org/licenses/LICENSE-2.0.html},
 urldate = {28.12.2017}
}


@misc{Microsoft.2017,
 abstract = {Erfahren Sie mehr {\"u}ber Azure Stream Analytics, einen Dienst, der Ereignisdaten verarbeitet und Analysen und Daten von Apps, Ger{\"a}ten, Sensoren und vielem mehr in Echtzeit liefert.},
 author = {Microsoft},
 year = {2017},
 title = {Stream Analytics - Datenanalyse in Echtzeit | Microsoft Azure},
 url = {https://azure.microsoft.com/de-de/services/stream-analytics/},
 keywords = {azure;complex event processing;microsoft azure;real time analytics;stream analytics},
 urldate = {26.12.2017}
}


@article{Mock.2005,
 author = {{Benjamin Mock}},
 year = {2005},
 title = {Vorstellung des Streamkonzepts},
 url = {http://wwwlgis.informatik.uni-kl.de/archiv/wwwdvs.informatik.uni-kl.de/courses/seminar/SS2005/Ausarbeitung01.pdf},
 urldate = {26.12.2017}
}


@article{opitz.2017,
 abstract = {Big Data},
 author = {{OPITZ CONSULTING}},
 year = {2017},
 title = {Big Data f{\"u}r Macher - Lambda-Architektur und Hadoop Framework in der Praxis | Ein Fachartikel von OPITZ CONSULTING},
 url = {https://www.opitz-consulting.com/fileadmin/user_upload/Collaterals/Artikel/it-management-2017-10_big-data-fuer-macher_berle_sicher.pdf},
 keywords = {Hadoop;Lambda-Architektur;Lambda-Architektur, Hadoop},
 urldate = {27.12.2017}
}


@misc{peter.2015,
 abstract = {Welche Use-Cases f{\"u}r IoT gibt es, was ist der konkrete Nutzen? Wie sollen sich Unternehmen dieser Herausforderung stellen? Ein paar Antworten und Ideen dazu sollen an dieser Stelle vermittelt werden.},
 author = {Samula, Peter},
 year = {2015},
 title = {Internet of Things (IoT): IoT - Hype oder Gesch{\"a}ftsmodell?},
 url = {https://www.computerwoche.de/a/iot-hype-oder-geschaeftsmodell,3219122},
 urldate = {26.12.2017}
}


@misc{PeterTsai.2016,
 author = {Tsai, Peter},
 year = {2016},
 url = {https://www.computerwoche.de/a/aws-versus-azure-die-vor-und-nachteile-aus-sicht-von-it-experten,3323128},
 urldate = {01.12.2017}
}


@misc{Pricing.2017,
 abstract = {See pricing details for Azure Stream Analytics, a real-time data analytics cloud service. No upfront costs. Pay as you go. FREE trial.},
 author = {Microsoft},
 year = {2017},
 title = {Pricing - Stream Analytics | Microsoft Azure},
 url = {https://azure.microsoft.com/en-us/pricing/details/stream-analytics/},
 keywords = {azure;data analytics;microsoft azure;stream analytics},
 urldate = {28.12.2017}
}


@misc{programmiermodell.2017,
 author = {Apache},
 year = {2017},
 title = {Tutorial},
 url = {http://storm.apache.org/releases/current/Tutorial.html},
 urldate = {29.12.2017}
}


@article{Prosise.,
 author = {Prosise, Jeff},
 year = {2016},
 title = {Understanding Azure Stream Analytics},
 urldate = {08.01.2018}
}


@misc{rcrwireless.2016,
 abstract = {Complex event processing (CEP) is an emerging network technology commonly used in IoT to derive conclusions from data in real time or near-real time.},
 author = {Tracy, Phillip},
 year = {2016},
 title = {What is complex event processing and why is it needed for IoT?},
 url = {https://www.rcrwireless.com/20161122/fundamentals/cep-iot-tag31-tag99},
 urldate = {26.12.2017}
}


@book{Roth.2016,
 author = {Roth, Armin},
 year = {2016},
 address = {Berlin, Heidelberg},
 urldate = {26.12.2017},
 publisher = {{Springer Berlin Heidelberg}},
 doi = {10.1007/978-3-662-48505-7}
}


@misc{Rowekamp.30.12.2017,
 abstract = {Das Eclipse-MicroProfile-Projekt ist angetreten, eine portable L{\"o}sung f{\"u}r Microservices im Enterprise-Java-Umfeld zu liefern. Neue APIs sollen die L{\"u}cke zwischen dem Java-EE-Standard und den Praxisanforderungen von Microservices-Architekturen schlie{\ss}en.},
 author = {R{\"o}wekamp, Lars},
 year = {30.12.2017},
 title = {MicroProfile unter der Lupe, Teil 1: Config API},
 url = {https://www.heise.de/developer/artikel/MicroProfile-unter-der-Lupe-Teil-1-Config-API-3928886.html},
 keywords = {Config API;Java EE;MicroProfile},
 urldate = {04.01.2018}
}


@misc{samacha.19.12.2017,
 abstract = {Erstellen eines Auftrags zur Verarbeitung von Datenanalysen f{\"u}r Stream Analytics | Lernpfadsegment.},
 author = {Microsoft},
 year = {2017},
 title = {Erstellen eines Auftrags zur Verarbeitung von Datenanalysen f{\"u}r Stream Analytics},
 url = {https://docs.microsoft.com/de-de/azure/stream-analytics/stream-analytics-create-a-job#next-steps},
 keywords = {Verarbeitung von Datenanalysen},
 urldate = {29.12.2017}
}


@misc{samacha.19.12.2017b,
 abstract = {Learn about Stream Analytics, a managed service that helps you analyze streaming data from the Internet of Things (IoT) in real-time.},
 author = {Microsoft},
 year = {2017},
 title = {Introduction to Stream Analytics},
 url = {https://docs.microsoft.com/en-us/azure/stream-analytics/stream-analytics-introduction},
 keywords = {analytics as a service;managed services;stream processing;streaming analytics;what is stream analytics},
 urldate = {28.12.2017}
}


@misc{samacha.2017,
 abstract = {Hier finden Sie anhand eines Vergleichs von Apache Storm mit Stream Analytics Hilfe beim Ausw{\"a}hlen einer Cloudanalyseplattform. Lernen Sie die Funktionen und Unterschiede kennen.},
 author = {Microsoft},
 year = {2017},
 title = {Analyseplattformen: Vergleich von Apache Storm mit Stream Analytics},
 url = {https://docs.microsoft.com/de-de/azure/stream-analytics/stream-analytics-comparison-storm},
 keywords = {Analyseplattform;Analyseplattformen;Cloudanalyseplattform;Storm-Vergleich},
 urldate = {28.12.2017}
}


@misc{searchdatacenter.2017,
 author = {searchdatacenter},
 year = {2017},
 url = {http://www.searchdatacenter.de/definition/Microsoft-Hyper-V},
 urldate = {31.12.2017}
}


@misc{sql.2016,
 author = {Microsoft},
 year = {2016},
 title = {Stream Analytics Query Language Reference},
 url = {https://msdn.microsoft.com/en-us/library/azure/dn834998.aspx},
 urldate = {28.12.2017}
}


@misc{Statista.2017,
 abstract = {How many devices are connected to the internet? This statistic shows the number of connected devices 2015 and 2025. For 2020, the number of connected devices worldwide is forecast to grow to almost 31 billion.},
 author = {Statista},
 year = {2017},
 title = {IoT: number of connected devices worldwide 2012-2025 | Statista},
 url = {https://www.statista.com/statistics/471264/iot-number-of-connected-devices-worldwide/},
 urldate = {26.12.2017}
}


@misc{Statista.2017b,
 author = {Statista},
 year = {2017},
 url = {https://de.statista.com/statistik/daten/studie/779775/umfrage/marktanteile-der-anbieter-am-umsatz-im-bereich-cloud-infrastructure-weltweit/},
 urldate = {08.01.2018}
}


